@inproceedings{rudec,
  title={On the competitiveness of a modified work function algorithm for solving the on-line k-server problem},
  author={Rudec, T. and Manger, R.},
  booktitle={Information Technology Interfaces, 2008. ITI 2008. 30th International Conference on},
  pages={779--784},
  year={2008},
  organization={IEEE}
} 

@article{baumgartner,
  title={Work function algorithm with a moving window for solving the on-line k-server problem},
  author={Baumgartner, A. and Manger, R. and Hocenski, {\v{Z}}.},
  journal={Journal of Computing and Information Technology},
  volume={15},
  number={4},
  pages={325--330},
  year={2004}
}
